@article{pfenning1991logic,
  title={Logic programming in the LF logical framework},
  author={Pfenning, F. and others},
  journal={Logical frameworks},
  pages={149--181},
  year={1991}
}

@article{barendregt1992lambda,
  title={Lambda calculus with types},
  author={Barendregt, H. and Dekkers, W. and Statman, R.},
  journal={Handbook of logic in computer science},
  volume={2},
  pages={118--310},
  year={1992},
  publisher={Oxford Science Publications}
}


@article{severi1998type,
  title={Type inference for pure type systems},
  author={Severi, P.},
  journal={Information and Computation},
  volume={143},
  number={1},
  pages={1--23},
  year={1998},
  publisher={Elsevier}
}

@article{hall1996type,
  title={Type classes in Haskell},
  author={Hall, C.V. and Hammond, K. and Peyton Jones, S.L. and Wadler, P.L.},
  journal={ACM Transactions on Programming Languages and Systems (TOPLAS)},
  volume={18},
  number={2},
  pages={109--138},
  year={1996},
  publisher={ACM}
}

@article{wenzel1997type,
  title={Type classes and overloading in higher-order logic},
  author={Wenzel, M.},
  journal={Theorem Proving in Higher Order Logics},
  pages={307--322},
  year={1997},
  publisher={Springer}
}

@article{benton1993term,
  title={A term calculus for intuitionistic linear logic},
  author={Benton, N. and Bierman, G. and De Paiva, V. and Hyland, M.},
  journal={Typed Lambda Calculi and Applications},
  pages={75--90},
  year={1993},
  publisher={Springer}
}

@article{dowek2000higher,
  title={Higher order unification via explicit substitutions},
  author={Dowek, G. and Hardin, T. and Kirchner, C.},
  journal={Information and Computation},
  volume={157},
  number={1},
  pages={183--235},
  year={2000},
  publisher={Elsevier}
}

